

@article{Amidan2014,
    author = {Amidan, B.G. and Orton, D.J. and Lamarche, B.L. and Monroe, M.E. and
        Moore, R.J. and Venzin, A.M. and Smith, R.D. and Sego, L.H. and 
        Tardiff, M.F. and Payne, S.H.},
    title = {Signatures for mass spectrometry data quality},
    journal = {Proteome Research},
    volume = {13},
    issue = {4},
    year = {2014},
    pages = {2215--2222},
    doi = {10.1021/pr401143e}
}

@article{Bereman2015,
    author = {Bereman, M.S.},
    title = {Tools for Monitoring System Suitability in LC MS/MS Centric 
        Proteomic Experiments},
    journal = {Proteomics},
    volume = {15},
    year = {2015},
    pages = {891--902},
    doi = {10.1002/pmic.201400373}
}


@article{Bittremieux2017,
    author = {Bittremieux, W. and Valkenborg, D. and Martens, L. and Laukens, K.},
    title = {Computational quality control tools for mass spectrometry proteomics},
    journal = {Proteomics},
    volume = {17},
    issue = {3-4},
    year = {2017},
    pages = {1--11},
    doi = {10.1002/pmic.201600159}
}

@article{Chambers2012,
    author = {Chambers, M.C. and Maclean, B. and Burke, R. and Amodei, D. and 
	    Ruderman, D.L. and Neumann, S. and Gatto, L. and Fischer, B. and 
		Pratt, B. and Egertson, J. and Hoff, K. and Kessner, D. and Tasman, T. and
		Shulman, N. and Frewen, B. and Baker, T.A. and Brusniak, M.-Y. and 
		Paulse, C. and Creasy, D. and Flashner, L. and Kani, K. and 
		Moulding, C. and Seymour, S.L. and Nuwaysir, L.M. and Lefebvre, B. and
		Kuhlmann, F. and Roark, J. and Rainer, P. and Detlev, S. and Hemenway, T.
		and Huhmer, A. and Langridge, J. and Connolly, B. and Chadick, T. and
		Holly, K. and Eckels, J. and Deutsch, E.W. and Moritz, R.L. and Katz, J.E.
		and Agus, D.B. and MacCoss, M. and Tabb, D.L. and Mallick, P.},
    title = {A cross-platform toolkit for mass spectrometry and proteomics},
    journal = {Nature Biotechnology},
    volume = {30},
    year = {2012},
    pages = {918--920},
    doi = {10.1038/nbt.2377}
}


@article{Cherkaoui2022,
    author = {Cherkaoui, S. and Durot, S. and Bradley, J. and Critchlow, S. and
        Dubuis, S. and Masiero, M.M. and Wegmann, R. and Snijder, B. and 
        Othman, A. and Bendtsen, C. and Zamboni, N.},
    title = {A functional analysis of 180 cancer cell lines reveals 
        conserved intrinsic metabolic programs},
    journal = {Molecular Systems Biology},
    volume = {18},
    year = {2022},
    pages = {e11033},
    doi = {10.15252/msb.202211033}
}

@article{Koecher2011,
    author = {K\"ocher, T. and Pichler, P. and Swart, R. and Mechtler, K.},
    title = {Quality control in LC-MS/MS},
    journal = {Proteomics and Systems Biology},
    volume = {11},
    issue = {6},
    year = {2011},
    pages = {1026--1030},
    doi = {10.1002/pmic.201000578}
}

@article{Paulovich2010,
    author = {Paulovich, A.G. and Billheimer, D. and Ham, A.-J. L. and 
        Vega-Montoto, L. and Rudnick, P.A. and Tabb, D.L. and Wang, P. and 
        Blackman, D.M. and Bunk, D.M. and Cardasis, H.L. and Clauser, K.R. and
        Kinsinger, C.R. and Schilling, B. and Tegeler, T.J. and Variyath, A.M. 
        and Wang, M. and Whiteaker, J.R. and Zimmerman, L.J. and Fenyo, D. and 
        Carr, S.A. and Fisher, S.J. and Gibson, B.W. and Mesri, M. and Neubert, 
        T.A. and Regnier, F.E. and Rodriguez, H. and Spiegelman, C. and 
        Stein, S.E. and Tempst, P. and Liebler, D.C.},
    title = {Interlaboratory Study Characterizing a Yeast Performance Standard 
        for Benchmarking LC-MS Platform Performance},
    journal = {Molecular \& Cellular Proteomics},
    volume = {9},
    issue = {2},
    year = {2010},
    pages = {242--254},
    doi = {10.1074/mcp.M900222-MCP200}
}

@article{Ma2012,
    author = {Ma, Z.-Q. and Polzin, K.O. and Dasari, S. and Chambers, M.C. and 
        Schilling, B. and Gibson, B.W. and Tran, B.Q. and Vega-Montoto, L. and
        Liebler, D.C. and Tabb, D.L.},
    title = {QuaMeter: Multivendor Performance Metrics for LCâ€“MS/MS Proteomics 
        Instrumentation},
    journal = {Analytical Chemistry},
    volume = {84},
    issue = {14},
    year = {2012},
    pages = {5845--5850},
    doi = {10.1021/ac300629p}
}

@article{Naake2022,
    author = {Naake, T. and Huber, W.},
    title = {MatrixQCvis: shiny-based interactive data quality exploration for 
        omics data},
    journal = {Bioinformatics},
    volume = {38},
    issue = {4},
    year = {2022},
    pages = {1181--1182},
    doi = {10.1093/bioinformatics/btab748}
}
